<?xml version="1.0" encoding="UTF-8"?><record xmlns="http://www.loc.gov/MARC21/slim" xmlns:cinclude="http://apache.org/cocoon/include/1.0" xmlns:zs="http://www.loc.gov/zing/srw/">
  <leader>00388nz  a2200133n  4500</leader>
  <controlfield tag="001">no2006047992</controlfield>
  <controlfield tag="003">DLC</controlfield>
  <controlfield tag="005">20060511051804.0</controlfield>
  <controlfield tag="008">060404n| acannaabn          |n aaa     c</controlfield>
  <datafield tag="010" ind1=" " ind2=" ">
    <subfield code="a">no2006047992</subfield>
  </datafield>
  <datafield tag="035" ind1=" " ind2=" ">
    <subfield code="a">(OCoLC)oca06935853</subfield>
  </datafield>
  <datafield tag="040" ind1=" " ind2=" ">
    <subfield code="a">OBgU-MA</subfield>
    <subfield code="b">eng</subfield>
    <subfield code="c">OBgU-MA</subfield>
  </datafield>
  <datafield tag="100" ind1="1" ind2=" ">
    <subfield code="a">MacDonald, John 'Hoddan'</subfield>
  </datafield>
  <datafield tag="670" ind1=" " ind2=" ">
    <subfield code="a">Festival at Blairgowrie [SR] 1968:</subfield>
    <subfield code="b">container (John 'Hoddan' MacDonald, vocals)</subfield>
  </datafield>
</record>